@book{mann2009,
	author		= "Heinz Mann and Horst Schiffelgen and Rainer Froriep",
	title		= "Einführung in die Regelungstechnik",
	publisher	= "Carl Hanser Verlag",
	year		= "2009",
	edition		= "11. Auflage",
	address		= "München"	
}

@book{toer2005,
	author		= "Fritz Törster",
	title		= "Steuerungs- und Reglungstechnik für Ingenieure",
	publisher	= "Oldenbourg Verlag",
	year		= "2005",
	edition		= "2. Auflage",
	adress		= "München"
	}
	
	
@book{Beuth1996,
	author		= "Klaus Beuth and Richard Hanebuth and Günter Kurz",
	title		= "Nachrichtentechnik",
	publisher	= "Vogel Verlag",
	year		= "1996",
	edition		= "1. Auflage",
	adress		= "Würzburg"
}

@book{Jesse2014,
	author		= "Ralf Jesse",
	title		= "ARM Cortex-M3 Mikrocontroller",
	publisher	= "mitp Verlag",
	year		= "2014",
	edition		= "1. Auflage",
	adress		= "München"
}

@book{Reinhold2010,
	author		= "Wolfgang Reinhold",
	title		= "Elektronische Schaltungstechnik ",
	publisher	= "Carl Hanser Verlag",
	year		= "2010",
	edition		= "1. Auflage",
	adress		= "München"
}

@book{Bernhard2014,
	author		= "Frank Bernhard",
	title		= "Handbuch der Technischen Temperaturmessung",
	publisher	= "Springer Verlag",
	year		= "2014",
	edition		= "2. Auflage",
	adress		= "Heidelberg"
}

@misc{dold:pid-regler,
	author = "{Dolder Electronic AG}",
	title = "PID-Regler",
	url = "http://www.dolder-electronic.ch/content/produkte/universalregler/wpc3-u/funktionen/kurzbeschreibungen/",
	note = "[Online; Stand 30. Juli 2015]"
}

@misc{data:elveflow,
	author = "Elveflow",
	title = "Elveflow Product Line 2015",
	url = "http://www.elveflow.com/?wpdmdl=19181",
	note = "[Online; Stand 30. Juli 2015]"
}

@misc{data:cooltronic,
	author = "CoolTronic",
	title = "Peltier-Controller TC2812 - Bedienerhandbuch",
	url = "http://www.cooltronic.ch/wcms/ftp//c/cooltronic.ch/uploads/20081203_tc2812_man_d.pdf",
	note = "[Online; Stand 30. Juli 2015]"
}

@misc{data:picolas,
	author = "PicoLAS",
	title = "User Manual - PL-TEC 1-0305 Rev. (14.04)",
	url = "https://picolas.de/images/stories/zubehoer/pl-tec-1-0305_manual_rev1404.pdf",
	note = "[Online; Stand 30. Juli 2015]"
}

@misc{data:meerstetter,
	author = "{Meerstetter Engineering}",
	title = "TEC-1091 TEC Controller Datasheet",
	url = "http://www.meerstetter.ch/de/category/29-latest-datasheets?download=155",
	note = "[Online; Stand 30. Juli 2015]"
}

@misc{data:ELV72812,
	author = "ELV",
	title = "Digital-Multimeter Datasheet",
	url = "http://files.elv.de/service/manuals_hw/72812_VC88C.pdf",
	note = "[Online; Stand 8. September 2015]"
}

@misc{data:AgilentMSO-X,
	author = "Keysight",
	title = "InfiniiVision 4000 X-Series Oscilloscopes Datasheet",
	url = "http://literature.cdn.keysight.com/litweb/pdf/5991-1103EN.pdf?id=2258675",
	note = "[Online; Stand 8. September 2015]"
}

@misc{data:STM32_ReferenceManual,
	author = "STMicroelectronics",
	title = "RM0038 Reference manual",
	url = "http://www.st.com/web/en/resource/technical/document/reference_manual/CD00240193.pdf",
	note = "[Online; Stand 8. September 2015]"
}

@misc{data:LSP-1403,
	author = "Voltcraft",
	title = "Labornetzgerät LSP-1403 Datasheet",
	url = "http://www.produktinfo.conrad.com/datenblaetter/500000-524999/511632-an-01-ml-LABORNETZGER_LSP_1403_de_en_fr_nl.pdf",
	note = "[Online; Stand 8. September 2015]"
}

@misc{data:RIGOL_DS1052E,
	author = "Voltcraft",
	title = "RIGOL DS1000E Datasheet",
	url = "http://www.batronix.com/pdf/Rigol/Datasheet/DS1000DE_Datasheet.pdf",
	note = "[Online; Stand 8. September 2015]"
}

@misc{data:Agilent33500B_Frequenzgen,
	author = "Keysight",
	title = "Agilent 33500B Datasheet",
	url = "http://literature.cdn.keysight.com/litweb/pdf/5991-0692DEE.pdf?id=2202606",
	note = "[Online; Stand 8. September 2015]"
}

@misc{jumo2015,
	author="Jumo",
	title="{Aufbau und Anwendung von Platin-Temperatursensoren}",
	url = "http://www.jumo.de/__C1256CE50036DD09.nsf/4C48EFC7025D021CC1256CF300480F4A/F65895C356FB9403C1256D04002BFEC2/$file/t90.6000d.pdf?OpenElement",
	note = "[Online; Stand 8. September 2015]"
}
